

@Article{menon,
  author = 	 "J.P. Menon and R.J. Marisa and J. Zagajac",
  title = 	 "More powerful solid modeling through ray representations",
  journal =	 "IEEE Computer Graphic and Applications",
  year =	 1994,
  volume =	 14,
  number =	 3,
  pages =	 "22-35",
  month =	 "May"
}

@InProceedings{kimura,
  author = 	 "Y. Yamaguchi and H. Nakamura and F. Kimura",
  title = 	 "Probabilistic Solid Modeling: A New Approach for Handling Uncertain Shapes",
  booktitle =	 "Geometric Modeling for Product Realization",
  year =	 1993,
  publisher =	 "Elsevier Science Publishers B.V."
}

@article{Tang:91,
   author    = {K. Tang and T. Woo},
   title     = {Algorithmic aspects of alterning sum of volumes.
       Part 1: Data structure and difference operation},
   journal   = {Computer Aided Design},
   year      = 1981,
   month     = jun,
   volume    = 23,
   number    = 5,
   pages     = {357-366},
   publisher = {Butterworth-Heinenmann Ltd}
}


@inproceedings{Wyvill:88,
   author    = {G. Wyvill and P. Sharp},
   title     = {Volume and surface properties in {CSG}},
   booktitle = {New trends in computer graphics
       (Proceedings of CG international '88)},
   year      = 1988,
   publisher = {Springler-Verlag},
   pages     = {257-266}
}


@phdthesis{argence:these,
   author    = {J. Argence},
   title     = {Algorithmes pour le trac\'e de rayons dans le cadre
       d'une mod\'elisation par arbre de construction.},
   year      = 1988,
   month     = Nov ,
   school    = {Ecole National Sup\'erieur des Mines de St Etienne}
}


@article{benou:94,
   author    = {M.O. Benouamer, D. Michelucci, B. Peroche},
   title     = {Error-free boundary evaluation based on a lazy rational arithmetic: 
       a detailed implementation},
   journal   = {Computer Aided Design},
   year      = {1994},
   month     = {june},
   volume    = {26},
   number    = {6},
   pages     = {403-416}
}


@inproceedings{conf:achoui91,
   author    = {N. ACHOUI and A. BOURAS and D. VANDORPE},
   title     = {Manipulation fonctionnelle des formes \`a p\^oles},
   booktitle = {Journ\'ees Graphiques Gros Plan, Lille},
   year      = 1991 ,
   month     = {d\'ecembre},
   pages     = {7-14}
}


@inproceedings{conf:bouras90,
   author    = {A. Bouras, N. Achoui, D. Vandorpe},
   title     = {Un langage de description et de manipulation de surfaces},
   booktitle = {Journ\'ees Graphiques Groplan, Saint-Etienne},
   year      = 1990 ,
   month     = {novembre},
   pages     = {28-30}
}


@inproceedings{conf:bouras92,
   author    = {A. Bouras, D. Vandorpe and B. Shariat},
   title     = {Contour decomposition},
   booktitle = {International Conference on Computational Graphics and
       Visualization techniques, Lisbon, Portugal},
   year      = 1992 ,
   editor    = {Harold P. Santo},
   publisher = {Acm},
   pages     = {172-178},
   adress    = {Lisbon}
}


@techreport{dea:gareau92,
   author    = {Alain GAREAU},
   title     = {Rapport de DEA : ?},
   institution = {LISPI/LIGIA},
   year      = {1992},
   month     = {september},
   type      = {article},
   adresses  = {43, boulevard du 11 Novembre 1918 \\
       69622 VILLEURBANNE Cedex -- France}
}


@phdthesis{exco:these,
   author    = {Thierry Excoffier},
   title     = {Construction g\'eom\'etrique de solides
       et acc\'el\'eration des algorithmes de lancer de rayons},
   year      = 1988,
   month     = Nov ,
   school    = {Universit\'e Claude Bernard Lyon 1, FRANCE}
}


@phdthesis{gent:these,
   author    = {Christian Gentil},
   title     = {Les fractales en synth\`ese d'images : le mod\`ele IFS},
   year      = 1992,
   month     = mar ,
   school    = {Universit\'e Claude Bernard Lyon 1, FRANCE}
}


@article{gervautz:92,
   author    = {Michael Gervautz},
   title     = {Consistent schemes for addressing surfaces
       when ray tracing transparent {CSG} objects},
   journal   = {Computer graphics forum},
   year      = 1992,
   month     = oct,
   volume    = 11,
   number    = 4,
   pages     = {203-211},
   publisher = {NCC Blackewell,
       International Journal of eurographic association}
}


@article{katainen:82,
   author    = {Antero Katainen},
   title     = {Monadic set operations},
   journal   = {Computer Aided Design},
   year      = 1982,
   month     = nov,
   volume    = 14,
   number    = 6,
   pages     = {351-354},
   publisher = {Butterworth \& Co}
}


@book{kaufmann:73,
   author    = {A. Kaufmann},
   title     = {Introduction \`a la th\'eorie des sous ensembles flous,
       \'el\'ements th\'eoriques de base},
   year      = 1973 ,
   publisher = {Masson et Cie}
}


@article{lee:82,
   author    = {Y. T. Lee and A. A. G. Requicha},
   title     = {Algorithms for computing the volume and other integrals
       properties of solids.
       II. A family of algorithms based on representation
       conversion and cellular approximation},
   journal   = {Communication of ACM},
   year      = 1982,
   month     = sep,
   volume    = 25,
   pages     = {642-650}
}


@article{requicha:80,
   author    = {A.A.G. Requicha},
   title     = {Representation of rigid solids:
       theory, methods and systems},
   journal   = {Computing survey},
   year      = 1980,
   month     = dec,
   volume    = 12,
   number    = 4,
   pages     = {437-464},
   publisher = {ACM}
}


@techreport{requicha:rapp,
   author    = {A.A.G. Requicha  and R.B. Tilove},
   title     = {Mathematical foundations of constructive solid geometry:
       general topology of closed regular set},
   institution = {University of Rochester},
   year      = 1978,
   month     = mar,
   number    = {TM-27a},
   publisher = {ACM},
   journal   = {Computing survey},
   volume    = 12,
   pages     = {437-464}
}


@techreport{reseaucsg,
   author    = {Thierry Excoffier},
   title     = {${G}_0$ : un langage pour terminal graphique 3{D}},
   institution = {Universit\'e Claude Bernard Lyon 1},
   year      = 1989,
   address   = {FRANCE},
   number    = {RR 02.89}
}


@article{rev:bouras90,
   author    = {A. Bouras, N. Achoui, B. Shariat and D. Vandorpe},
   title     = {Description et Composition de Surfaces Complexes
       en Utilisant des Op\'erateurs G\'eom\'etriques},
   journal   = {Revue Internationale de CFAO et d'Infographie},
   year      = 1990 ,
   month     = {Avril},
   pages     = {33-53}
}


@article{rev:bouras92,
   author    = {A. Bouras, B. Shariat and D. Vandorpe},
   title     = {A description of complex curves},
   journal   = {Computer Graphics Forum},
   year      = 1992 ,
   month     = {September},
   pages     = {425-433},
   booktitle = {Eurographics'92, Cambridge, UK}
}


@techreport{ri:bouras92,
   author    = {A. Bouras},
   title     = {G\_Surf: Syntaxe et utilisation},
   institution = {LIGIA-LISPI},
   year      = {1992},
   month     = {Janvier}
}


@techreport{ri:excoffier93,
   author    = {Excoffier, Thierry},
   title     = {{CSG} et priorit\'e de mati\`ere},
   institution = {LISPI-LIGIA},
   year      = {1993},
   month     = {septembre}
}


@techreport{ri:gareau93,
   author    = {A. GAREAU and T. EXCOFFIER and E. TOSAN},
   title     = {A Particle System Using CSG for Description and Visualization},
   institution = {LISPI/LIGIA},
   year      = {1993},
   month     = {december},
   number    = {RR8.93},
   type      = {Rapport de Recherche},
   note      = {envoye a Compu'Anim 94},
   adresses  = {43, boulevard du 11 Novembre 1918
       69622 VILLEURBANNE Cedex -- France}
}


@article{roth:80,
   author    = {Scott D.  Roth},
   title     = {Ray casting for modeling solids},
   journal   = {Computer graphics and image processing},
   year      = 1982 ,
   month     = feb,
   volume    = {18},
   pages     = {109-144},
   publisher = {Academic press}
}


@book{vdfo,
   author    = {James D. Foley and Andries van Dam and
       Steven K. Feiner and John F. Hughes},
   title     = {Computer Graphics, principles and practice},
   year      = 1990 ,
   publisher = {Addison Wesley},
   series    = {The systems programming series}
}


@article{vivo:92,
   author    = {Roberto Viv\'o and Emilio Camahor and Ricardo Quir\'os},
   title     = {A secondary parametric model for {CSG}},
   journal   = {Computer \& graphics},
   year      = 1992,
   volume    = 16,
   number    = 4,
   pages     = {369-373},
   publisher = {Pergamon Press}
}


@article{wijk:84,
   author    = {Jarke J. van Wijk},
   title     = {Ray tracing objects defined
       by sweeping planar cubic splines},
   journal   = {ACM transactions on graphics},
   year      = 1984,
   month     = jul,
   volume    = 3,
   number    = 3,
   pages     = {223-237}
}


@inproceedings{wijksphere:84,
   author    = {Jarke J. van Wijk},
   title     = {Ray Tracing Objects Defined by Sweeping a Sphere},
   booktitle = {Eurographics '84},
   year      = 1984,
   editor    = {K. Bo and H. A. Tucker},
   publisher = {North-Holland},
   pages     = {73-82}
}

	  		  
@ARTICLE{revn:excoffier:90:a,
   AUTHOR = "Thierry EXCOFFIER",
   TITLE = "L'utilisation du langage {G} pour coder les arbres {CSG}",
   JOURNAL = "BIGRE",
   PAGES = {146-157},
   ORGANIZATION = "Micado",
   MONTH = "janvier",
   VOLUME = 67,
   NOTE = "Journ\'ees AFCET GROPLAN - Strasbourg, d\'ecembre 1989",
   YEAR = 1992
   }

@techreport{divers:texcoffier:91:a,
   author = "Thierry EXCOFFIER and Christian GENTIL and Eric TOSAN",
   title = "Introduction au Langage {G}",
   institution = "LIGIA-LISPI",
   type = "Notice Technique",
   month = "december",
   year = 1991
}


@ARTICLE{revue:strassmann,
   AUTHOR = "Steve STRASSMANN",
   TITLE = "A First Look at Dylan: Classes, Functions, and Modules",
   JOURNAL = "develop, The Apple Technical Journal",
   VOLUME = 21,
		  year = 1995,
		 month = "mars"
		  }
		  

